3325 5750
1405 704 1491 773 15

403 929 558 993 Tam
600 924 768 1014 apud
807 945 923 992 nos
960 945 1152 1012 quam
1189 927 1356 1012 apud
1383 927 1941 996 Mohammedanos
1966 929 2303 999 inferiores
2327 931 2581 1002 scholae
2666 913 2718 1024 ζ]

2839 955 2860 979 Α
3092 963 3100 973 .

2706 1012 2785 1060 ‘'¹’‘
2833 1030 2865 1069 j
2899 1021 2994 1068 ’.με
3056 1018 3076 1083 ·’

305 1081 387 1148 ab
425 1081 713 1148 Ecclesia
751 1081 1066 1166 originem
1107 1090 1504 1148 sumserunt.
1575 1081 1789 1148 Nostis
1824 1084 1891 1148 in
1927 1085 2185 1173 Europa
2221 1087 2582 1155 saeculares
2624 1091 2747 1234 xC*
2888 1167 2908 1190 ,

2681 1189 2700 1215 s
2774 1187 2817 1212 ι·
2883 1180 2891 1189 ’

303 1234 555 1303 scholas
594 1233 848 1302 saeculo
886 1234 997 1299 VII
1041 1235 1343 1300 miserum
1387 1235 1452 1300 in
1490 1235 1752 1302 modum
1788 1237 2095 1305 defecisse
2126 1247 2191 1306 et
2224 1241 2285 1306 in
2324 1240 2579 1310 illarum
2638 1299 2652 1335 ,
2702 1261 2719 1312 l

2698 1313 2754 1332 ¹-

2620 1327 2806 1385 ‘l‚‹1.
2902 1349 2909 1359 .

299 1389 512 1455 locum
585 1387 860 1454 subiisse
940 1386 1431 1456 ecclesiasticas,
1533 1389 1910 1458 Diutissime
1987 1393 2311 1461 institutio
2387 1415 2644 1527 penest(

299 1543 568 1610 clericos
631 1541 756 1609 fuit
809 1550 873 1608 et
936 1540 1105 1627 apud
1171 1543 1404 1609 multos
1451 1541 1661 1610 adhue
1722 1553 1840 1611 est.
1936 1543 2249 1624 Quoniam
2326 1548 2579 1616 scholae
2624 1593 2684 1668 ff*

299 1697 637 1764 inferiores
701 1695 867 1762 solae
932 1714 970 1761 a
1033 1696 1310 1762 maxima
1380 1717 1727 1784 puerorum
1800 1699 2218 1767 multitudine
2276 1701 2575 1790 frequen·
2608 1683 2703 1794 s,-

294 1859 556 1931 tantur,
620 1860 812 1937 atque
878 1848 1033 1916 adeo
1096 1849 1262 1916 solae
1311 1849 1390 1916 ad
1439 1852 1795 1938 augendam
1846 1855 2043 1918 totius
2086 1857 2297 1938 gentis
2344 1855 2574 1922 intelli-

293 2004 490 2090 gendi
533 2006 907 2073 facultatem
955 1989 1280 2091 appositae
1326 2014 1512 2084 sunt,
1564 2008 1805 2091 primas
1850 2008 2139 2073 omnium
2188 2009 2572 2074 constitutas

293 2179 438 2226 esse
499 2159 830 2247 oportebat
891 2157 969 2224 ad
1029 2177 1175 2224 eum
1243 2158 1538 2238 modum,
1601 2162 1715 2247 qui
1759 2170 1928 2228 esset
1980 2162 2257 2227 maxime
2304 2161 2573 2228 idoneus

293 2291 394 2379 ad·
423 2313 897 2401 propagandam
942 2312 1301 2378 doctrinam
1352 2315 1415 2378 in
1465 2314 1766 2380 omnibus
1811 2313 2045 2401 quibus
2084 2333 2159 2380 ea
2197 2323 2338 2380 erat
2376 2335 2571 2403 opuS‚

296 2465 363 2531 id
409 2474 508 2533 est
554 2468 620 2534 in
667 2486 1081 2554 unoquoque;
1130 2467 1240 2533 sed
1291 2467 1667 2554 plerumque
1715 2468 1889 2554 ipsae
1935 2451 2337 2554 potissimum
2374 2465 2573 2554 negli-

293 2622 629 2706 gebantur.
723 2619 988 2705 Vulgari
1036 2619 1334 2708 opinione
1381 2622 1586 2707 magis
1633 2621 1698 2686 id
1746 2622 1887 2707 piae
1921 2620 2374 2688 beneficentiae
2410 2642 2571 2710 opus

293 2794 432 2840 esse
493 2775 987 2841 existimabatur
1041 2792 1236 2860 quam
1299 2772 1579 2840 officium
1641 2793 1911 2851 eorum,
1978 2776 2088 2860 qui
2138 2793 2429 2841 summae
2474 2777 2570 2842 rei

293 2937 670 3013 praeerant;
739 2938 805 2995 et
867 2929 1138 2995 fortasse
1209 2931 1271 2993 in
1344 2929 1518 2993 nulla
1589 2928 1714 2993 alia
1786 2946 1855 2991 re
1924 2927 2055 3003 illi,
2126 2929 2361 3013 quibus
2428 2939 2568 2995 erat

291 3086 569 3149 maxima
617 3102 837 3148 rerum
883 3082 1171 3147 omnium
1209 3087 1526 3167 potestas,
1567 3078 1898 3144 socordius
1945 3076 2150 3145 officio
2190 3100 2308 3145 suo
2348 3078 2566 3147 defue-

291 3243 446 3301 runt
499 3256 694 3323 quam
760 3236 824 3300 in
884 3234 1004 3300 hac
1062 3235 1219 3319 ipsa.
1316 3232 1599 3299 Tandem
1660 3232 2004 3319 aliquando
2070 3252 2172 3298 res
2220 3235 2285 3298 in
2337 3234 2565 3302 melius
2595 3294 2679 3346 21.

285 3407 615 3457 conversa.
710 3390 1096 3457 Praesertim
1163 3398 1302 3474 post
1368 3406 1470 3452 res
1533 3406 1727 3451 novas
1796 3388 1859 3450 in
1928 3384 2127 3451 Gallia
2177 3386 2325 3454 data
2374 3408 2565 3474 opera

285 3552 384 3609 est
449 3551 519 3609 ut
580 3545 935 3615 institutio,
1009 3563 1088 3609 ex
1135 3543 1514 3608 clericorum
1567 3538 1863 3605 manibus
1910 3548 2165 3626 erepta,
2215 3539 2295 3605 ad
2353 3540 2563 3607 civilis

283 3698 616 3783 potestatis
660 3695 1004 3762 arbitrium
1057 3695 1532 3763 transferretur.
1627 3692 1900 3759 Multum
1948 3692 2127 3759 abest
2178 3702 2249 3760 ut
2310 3693 2375 3759 id
2423 3698 2639 3782 per-³⁴
2928 3720 2933 3727 -

277 3850 518 3918 fectum
580 3851 688 3916 sit.
785 3849 1047 3927 Clerici,
1097 3850 1207 3917 ubi
1255 3849 1594 3936 pristinam
1645 3848 1997 3933 potentiam
2046 3848 2364 3928 retinent,
2414 3868 2561 3936 per-

281 4004 586 4071 tinaciter
644 4013 1045 4090 repugnant,
1115 4012 1178 4069 et
1243 4005 1438 4069 etiam
1506 4000 1616 4066 ubi
1680 4000 1808 4066 iam
1878 3998 2261 4067 videbantur
2324 4022 2559 4069 manus

281 4157 562 4233 dedisse,
626 4168 942 4223 conantur
1004 4178 1174 4223 nunc
1236 4157 1472 4223 amissa
1537 4173 1942 4240 recuperare.
2040 4154 2335 4221 Nondum
2408 4154 2557 4222 licet

282 4312 464 4378 nobis
521 4313 790 4378 victoria
851 4312 1156 4397 gloriari3
1224 4310 1335 4377 sed
1398 4318 1661 4376 strenue
1729 4310 2058 4395 posuimus
2120 4308 2555 4395 principium,

278 4464 447 4553 quod
483 4466 810 4553 quantivis
847 4465 1155 4542 facimus,
1208 4474 1271 4533 et
1310 4483 1562 4533 summa
1603 4463 1839 4529 virium
1884 4464 2237 4531 intentione
2279 4460 2342 4526 id
2382 4462 2553 4527 tueri

277 4621 623 4686 enitemur.
