3325 5750
373 916 416 948 ἰ
463 947 481 960 n
541 917 691 972 ΛΕΚ.-

639 1020 655 1041 .

83 1088 331 1160 Mam
371 1085 428 1146 t„
496 1067 574 1136 ..Μ
613 1089 649 1151 ‚¹-
682 1092 768 1137 nn·

675 1628 710 1677 l:

1900 656 1989 724 16

904 877 1089 968 Apud
1145 875 1703 944 Mohammedanos
1762 886 1986 945 eontra
2046 877 2299 945 scholae
2348 875 2684 945 inferiores
2734 899 2925 967 penes
2982 898 3089 945 sa-

811 1031 1105 1115 cerdotes
1164 1038 1649 1108 remanserunt,
1720 1039 1782 1097 et
1854 1051 1978 1098 non
2046 1052 2419 1120 progressae
2483 1039 2671 1126 sunt,
2740 1033 2852 1100 sed
2914 1039 3089 1100 retro

812 1186 1118 1275 relapsae.
1189 1184 1416 1251 Exorsi
1464 1194 1614 1251 sunt
1663 1204 1918 1272 semper
1964 1207 2003 1252 a
2038 1186 2316 1264 Corano,
2366 1187 2475 1273 qui
2524 1186 2690 1254 male
2736 1186 3087 1254 cohaerens

811 1349 876 1408 et
923 1338 1380 1425 incipientibus
1425 1339 1620 1404 nimis
1669 1335 1949 1404 difficilis
1993 1338 2156 1406 liber
2198 1317 2319 1407 est.
2394 1341 2617 1428 Itaque
2663 1341 2895 1408 merito
2942 1359 3087 1406 sae-

809 1494 955 1561 culo
993 1493 1140 1560 XIII
1175 1490 1739 1560 Mohammedanus
1782 1491 2013 1579 aliquis
2047 1495 2298 1560 acutior
2338 1495 2751 1563 exclamavit:
2812 1493 2904 1562 «0
2952 1501 3088 1560 sto-

714 1732 730 1746 .
806 1648 1004 1717 lidam
1065 1653 1322 1734 gentem
1404 1653 1721 1713 nostram:
1803 1666 1842 1711 a
1917 1645 2081 1712 libro
2149 1645 2365 1713 divino
2418 1650 2744 1737 auspicari
2804 1666 3083 1736 puerum

479 1848 494 1871 ..
535 1827 570 1882 ,;.
730 1801 1069 1881 ,’,ἱιι1)θιιῑ,
1109 1818 1301 1887 quem
1340 1798 1576 1865 librum
1615 1801 1705 1866 ita
1746 1799 1901 1886 legit
1944 1808 2013 1866 ut
2056 1800 2214 1866 nihil
2253 1801 2647 1890 intelligatl»
2706 1802 3089 1888 Antiquitas

808 1914 1024 2022 tamen
1071 1973 1194 2020 non
1253 1961 1394 2020 erat
1438 1952 1726 2019 Coranus
1773 1954 2037 2020 unicum
2091 1949 2518 2023 institutionis
2565 1954 3086 2022 fundamentum.

806 2109 1020 2177 Etiam
1084 2105 1336 2174 saeculo
1399 2105 1577 2185 XIV,
1627 2126 2018 2194 quamquam
2065 2108 2190 2176 late
2237 2117 2486 2196 pateret
2530 2107 2951 2188 fanatismuS‚
3017 2109 3090 2174 in

803 2261 1114 2349 Hispania
1180 2269 1244 2327 et
1313 2258 1529 2327 Africa
1588 2262 1849 2347 propria
1917 2261 1982 2326 in
2050 2260 2283 2328 scholis
2346 2261 2759 2329 inferioribus
2824 2262 3085 2330 classici

803 2421 1024 2503 poetae
1097 2423 1160 2480 et
1234 2415 1580 2502 scriptores
1649 2414 2154 2502 explicabantur.
2266 2415 2388 2483 Sed
2460 2436 2583 2482 non
2656 2424 2796 2483 erat
2861 2415 3091 2484 eadem

802 2570 1040 2655 ubique
1101 2569 1285 2634 ratio.
1378 2567 1620 2634 Eadem
1669 2575 1875 2635 aetate
1923 2567 1989 2632 in
2038 2569 2409 2655 regionibus
2455 2568 2803 2636 admodum
2847 2567 3093 2636 fanati-

803 2724 931 2801 ciS,
994 2720 1192 2788 veluti
1259 2722 1323 2787 in
1389 2720 1808 2798 Mauritania,
1876 2739 2013 2786 mos
2075 2721 2473 2802 invaluerat,
2525 2722 2617 2789 nil
2662 2731 2919 2810 praeter
2966 2719 3095 2790 Co-

801 2894 1036 2942 ranum
1093 2874 1358 2950 docere,
1425 2871 1704 2941 exclusis
1764 2871 2035 2959 reliquis
2092 2874 2408 2942 omnibus.
2507 2876 2691 2943 Tales
2735 2896 3092 2965 progressu

801 3029 1109 3115 temporis
1167 3048 1388 3095 omnes
1450 3027 1688 3114 ubique
1745 3026 1996 3094 scholae
2058 3025 2264 3093 factae
2315 3037 2512 3110 sunt,
2562 3030 2725 3099 tales
2767 3038 2919 3098 sunt
2965 3028 3090 3095 ho-

801 3180 1050 3268 dieque.
1162 3180 1378 3268 Neque
1451 3190 1664 3247 tamen
1737 3183 1911 3246 omni
1977 3179 2165 3247 laude
2228 3191 2471 3249 carent.
2582 3184 2861 3272 Legendi
2925 3203 3091 3251 usus

737 3312 742 3320 ⁸
801 3336 1170 3402 etiamnunc
1211 3333 1625 3421 pervulgatus
1663 3346 1758 3400 est
1801 3334 1867 3399 in
1904 3334 2443 3403 Mohammedanis
2470 3337 2874 3424 regionibus:
2922 3358 2980 3405 e.
3024 3360 3089 3405 c.

683 3455 703 3491 z
801 3491 865 3554 in
916 3489 1167 3575 Algeria
1217 3508 1333 3575 pro
1380 3487 1738 3554 incolarum
1787 3506 2055 3553 numero
2102 3487 2318 3573 plures
2365 3500 2518 3557 sunt
2567 3492 2687 3555 viri
2738 3490 3087 3579 indigenae

798 3641 1051 3731 legendi
1098 3641 1288 3729 periti
1337 3660 1530 3727 quam
1583 3641 1648 3706 in
1701 3640 1923 3708 Gallia.
2020 3642 2271 3709 Tenues
2311 3652 2529 3710 tamen
2578 3643 2702 3711 sert
2751 3644 3087 3712 institutio

797 3798 1096 3874 fructus;
1173 3813 1321 3860 nam
1395 3796 1626 3881 pueri,
1700 3802 2039 3882 postquam
2118 3795 2405 3863 discendi
2474 3797 2667 3864 finem
2740 3796 3037 3865 fecerunt
3073 3852 3093 3879 ,

800 3959 1058 4041 praeter
1100 3946 1354 4034 legendi
1389 3947 1841 4036 scribendique
1886 3947 2298 4027 facultatem,
2349 3950 2513 4017 nihil
2555 3953 2678 4017 nisi
2724 3950 3099 4039 complures

799 4103 1030 4173 Corani
1068 4100 1239 4168 loeos
1266 4101 1632 4168 didicerunt
1659 4103 2065 4181 memoriter,
2109 4123 2313 4191 neque
2338 4125 2446 4171 eos
2491 4104 2784 4192 quidem,
2824 4113 3097 4209 propter

802 4257 1088 4343 linguam
1139 4258 1576 4343 antiquatam,
1625 4258 1782 4323 satis
1833 4256 2221 4345 intelligunt.
2299 4257 2389 4325 De
2438 4258 2707 4325 caeteris
2748 4257 3095 4337 omnibuS,

805 4429 963 4496 quos
1011 4430 1122 4474 nos
1190 4410 1617 4476 institutionis
1657 4410 1910 4477 fructus
1973 4432 2111 4479 esse
2160 4412 2493 4491 ducimuS,
2537 4412 2627 4478 nil
2665 4431 2929 4499 prorsus
2969 4431 3094 4477 no-

806 4571 1062 4630 verunt.
1176 4562 1281 4629 Sic
1347 4566 1544 4631 evasit
1608 4564 2177 4632 Mohammedanus
2252 4567 2439 4632 homo
2510 4568 2765 4652 angusti
2836 4564 3096 4645 animi,
