3325 5750
1497 734 1536 805 7

349 973 430 1019 ex
480 952 781 1041 Hispania
831 954 1153 1041 proiectus
1200 957 1478 1023 Meccam
1531 957 1701 1024 visit.
1800 955 2067 1023 Tenebit
2096 964 2179 1023 te
2226 956 2627 1044 aliquamdiu

353 1104 705 1176 Christiani
769 1111 1021 1178 sincera
1079 1109 1234 1177 fides
1280 1119 1344 1178 et
1389 1109 1629 1178 candor
1675 1107 1966 1195 puerilis;
2012 1125 2161 1176 mox
2206 1131 2355 1178 cum
2404 1110 2627 1180 dolore·

347 1262 586 1327 senties
627 1261 950 1332 hominem
991 1265 1250 1350 angusti
1285 1273 1348 1331 et
1383 1264 1594 1331 obtusi
1633 1262 1835 1328 animi
1866 1281 2183 1349 perpauca
2222 1283 2299 1329 ex
2335 1264 2415 1328 iis
2452 1285 2623 1352 quae

345 1415 816 1503 contemplatus
877 1425 974 1484 est
1033 1418 1423 1505 intelligere,
1487 1427 1550 1484 et
1613 1435 1801 1503 saepe
1859 1415 1978 1482 tibi
2022 1414 2351 1484 fastidium
2398 1437 2615 1484 move-

345 1566 510 1634 bunt
557 1568 1050 1651 homuncioneS,
1097 1572 1265 1640 unde
1312 1582 1445 1640 tam
1488 1589 1693 1659 pauca
1737 1567 1949 1636 discas
1988 1579 2051 1638 et
2098 1570 2165 1636 in
2204 1570 2439 1658 quibus
2485 1580 2617 1638 tam

341 1721 548 1788 multa
593 1729 659 1790 te
703 1721 1046 1792 offendant.
1117 1725 1348 1814 Specta
1394 1727 1555 1792 mihi
1593 1731 1821 1793 contra
1862 1722 2185 1794 hominem
2226 1722 2613 1790 Mohamme-

337 1873 612 1942 danum!
685 1877 1084 1964 Tempestate
1131 1879 1382 1948 delatus
1431 1887 1529 1946 est
1576 1881 1640 1944 in
1691 1877 2005 1952 insulam,
2059 1897 2251 1964 quam
2302 1898 2426 1943 non
2474 1888 2614 1946 erat

342 2029 682 2096 consilium
732 2030 940 2096 adire:
989 2033 1250 2118 appellit
1303 2034 1701 2111 Messanam,
1766 2040 1831 2098 et
1876 2051 1953 2097 ex
1998 2051 2075 2096 eo
2120 2050 2273 2097 casu
2324 2033 2621 2098 nascitur·

341 2181 526 2250 nohis
573 2184 830 2252 Siciliae
875 2183 1220 2272 descriptio
1266 2195 1578 2272 regnante
1618 2205 1769 2272 rege
1810 2182 2237 2252 Normandico
2278 2184 2613 2252 Guilielmo

339 2336 550 2416 Bono,
599 2359 763 2424 quae
801 2346 934 2405 tam
971 2359 1270 2426 expressa
1295 2391 1312 2417 ,
1357 2348 1489 2405 tam
1531 2339 1719 2426 plena
1761 2358 1979 2405 rerum
2024 2339 2265 2404 summi
2308 2341 2615 2406 momenti-

339 2497 472 2568 est,
523 2499 594 2556 ut
641 2493 822 2577 paria
882 2492 984 2559 his
1029 2493 1271 2560 frustra
1319 2513 1592 2582 quaeras
1631 2490 1801 2580 apud
1849 2493 2199 2578 scriptores
2248 2491 2617 2561 Sicilienses

338 2627 676 2730 aequaleS,
730 2646 828 2712 vel
890 2647 1062 2734 apud
1123 2625 1456 2735 Hugo-nem
1515 2645 1950 2724 Falcandum,
2012 2647 2126 2732 qui
2184 2645 2414 2712 aetatis
2458 2667 2620 2714 suae

342 2797 606 2864 Tacitus
651 2799 1008 2886 appellatus
1055 2810 1179 2868 est.

429 2952 650 3039 Itaque
713 2952 840 3020 illis
902 2957 1298 3042 temporibus
1358 2964 1497 3022 erat
1543 2954 1676 3021 illic
1724 2953 1873 3030 lux,
1925 2952 2029 3018 hic
2074 2954 2395 3019 tenebrae.
2492 2954 2616 3021 Sed
2640 2931 2795 3099 *affl*
2834 2962 2880 3062 Ἀ
2994 2925 3019 3039 J,
3090 3059 3092 3061 q

2809 3050 2881 3095 t„-
2958 3033 3091 3089 ᾸῺἾ
3123 3082 3140 3091 ,

339 3104 557 3170 omnia
601 3126 909 3173 conversa
955 3117 1126 3175 sunt·
1155 3110 1221 3174 in
1268 3108 1691 3175 contrarium.
1784 3106 2023 3172 Actum
2068 3112 2165 3173 est
2212 3106 2291 3173 de
2330 3106 2621 3173 Moham·

339 3256 758 3357 medanorum
806 3262 1121 3346 potentia3
1171 3260 1515 3328 nonnullae
1561 3281 1639 3327 ex
1674 3260 1904 3349 opimis
1949 3258 2203 3326 illorum
2245 3233 2671 3347 regionibus&

335 3421 672 3479 cesserunt
720 3412 984 3499 Anglis,
1051 3415 1289 3493 Gallis,
1353 3415 1622 3491 Russiffi
1668 3412 1851 3500 nobis
1901 3413 2174 3521 Batavis.
2272 3415 2617 3501 Propterea-
2684 3410 2687 3419 '

338 3574 688 3651 supersunt
735 3565 970 3633 Turcia
1021 3576 1085 3635 et
1131 3570 1502 3657 Aegyptus,
1553 3568 1707 3654 quia
1758 3566 2115 3635 Christiani
2162 3566 2288 3633 sibi
2333 3570 2505 3635 inter
2546 3590 2617 3637 se
2742 3626 2747 3633 .
2863 3616 2871 3624 -

338 3720 458 3787 has
519 3720 946 3807 possessiones
1006 3720 1316 3790 invident.
1411 3722 1494 3787 Et
1556 3720 1669 3786 ubi
1730 3730 1829 3787 est
1876 3720 1983 3785 illa
2032 3722 2327 3807 superior
2374 3721 2615 3789 intelli·

337 3873 532 3961 gendi
567 3833 840 3939 facultas
878 3894 1005 3961 qua
1037 3874 1192 3941 olim
1231 3874 1561 3942 anteibant
1591 3874 1907 3962 reliquos?
1960 3872 2086 3955 Qui
2122 3874 2305 3940 nobis
2340 3876 2610 3943 antebac

335 4028 636 4111 magistri
711 4037 897 4094 erant
957 4024 1114 4095 ade'o
1173 4026 1650 4115 degenerarunt
1710 4036 1783 4094 ut
1846 4048 1927 4094 ne
1990 4025 2285 4113 discipuli
2350 4027 2611 4113 quidem

337 4180 544 4247 nostri
597 4179 738 4247 fieri
800 4182 1066 4268 possint.
1161 4180 1434 4248 Gahirae
1480 4200 1689 4268 nuper
1737 4181 2104 4269 complures
2148 4179 2329 4259 libri,
2377 4182 2611 4269 quibus

334 4334 820 4422 disciplinarum
867 4336 1135 4403 scientia
1172 4337 1572 4414 continetur,
1619 4356 1656 4403 e
1702 4333 1943 4403 Gallico
1992 4354 2286 4401 sermone
2333 4330 2399 4402 in
2450 4336 2612 4402 Ara-

335 4488 552 4555 bicum
621 4490 912 4556 conversi
976 4497 1161 4567 sunt,
1225 4487 1334 4555 sed
1399 4477 1563 4556 nihil
1626 4498 1931 4576 prosunt,
1988 4490 2140 4575 quia
2202 4489 2609 4577 popularium

335 4611 599 4730 captum
649 4651 982 4730 superant.
