3325 5750
1439 648 1525 716 11

339 870 524 936 omni
578 871 836 938 notione
895 871 1342 950 auctoritatis,
1407 881 1471 937 et
1521 871 1630 940 ubi
1682 889 1869 939 nemo
1914 872 2299 958 cuiusquam
2352 874 2627 940 auctori-

336 1031 542 1093 tatem
599 1031 966 1103 reveretur,
1031 1043 1241 1111 neque
1283 1023 1566 1092 officium
1605 1034 1705 1092 est
1750 1025 2080 1092 communi
2126 1025 2419 1093 omnium
2470 1025 2621 1092 duci

335 1195 569 1264 parere
589 1229 609 1255 ,
670 1177 759 1244 ibi
825 1177 998 1246 nullo
1057 1177 1242 1244 modo
1307 1186 1420 1245 aut
1477 1178 1707 1246 stabile
1756 1179 2101 1268 imperium
2126 1229 2144 1260 ,
2211 1187 2325 1246 aut
2388 1180 2627 1248 iustam

335 1350 562 1402 rerum
611 1331 1110 1400 moderationem
1162 1341 1227 1400 et
1273 1334 1562 1420 regimen
1614 1333 1765 1400 licet
1813 1340 2213 1421 exspectare.

431 1486 647 1552 Potest
691 1493 943 1564 tamen,
995 1486 1244 1566 fateor,
1297 1487 1570 1575 populus
1615 1507 1799 1554 suam
1852 1495 2149 1555 naturam
2198 1498 2263 1556 et
2310 1487 2626 1565 indolem,
2667 1485 2808 1593 “⁴,f'
2842 1574 2859 1586 ,

336 1641 396 1706 si
449 1640 668 1707 minus
717 1649 1004 1720 mutare,
1068 1650 1134 1709 at
1181 1650 1357 1710 certe
1404 1643 1706 1728 mitigare
1756 1651 1818 1708 et
1866 1644 2213 1729 corrigere.
2310 1641 2447 1708 Non
2490 1651 2629 1708 erat
2699 1601 2770 1689 f*

337 1813 602 1862 necesse
662 1794 937 1872 Arabes,
1001 1816 1200 1882 quum
1267 1796 1332 1862 in
1398 1795 1660 1862 Perside
1708 1805 1769 1863 et
1822 1797 1886 1861 in
1928 1797 2277 1884 provinciis
2323 1759 2709 1862 Romanis‘s'
2759 1751 2771 1781 ἰ
2813 1769 2825 1780 ’

338 1955 553 2014 certas
621 1967 698 2013 ac
761 1934 1022 2018 stabiles
1085 1951 1270 2018 sedes
1328 1953 1696 2038 cepissent,
1746 1948 2124 2018 effrenatam
2173 1952 2350 2019 illam
2398 1970 2475 2016 ex
2523 1949 2627 2017 de·
2650 1931 2735 2041 “¹¹
2867 1950 2874 1956 '

337 2100 534 2168 sertis
580 2099 943 2171 libertatem
979 2107 1296 2172 retinere.
1394 2105 1647 2170 Poterat
1696 2105 2025 2192 ingenitus
2074 2104 2395 2171 libertatis
2446 2125 2628 2170 amor
2824 2125 2826 2127 ¹

2948 1515 2955 1522 .

2970 1539 2989 1584 1
3021 1560 3029 1571 ›
3094 1573 3101 1578 -
3154 1561 3157 1566 ·

3004 1597 3007 1604 ι
3086 1581 3101 1606 ρ’
3140 1587 3147 1596 ο
3162 1603 3167 1608 ,

3063 1608 3093 1634 ,a

336 2253 662 2340 mitigari;
711 2267 1006 2347 poterant
1045 2259 1356 2347 paulatim
1404 2258 1706 2343 regimini
1748 2257 2042 2324 ordinato
2085 2259 2437 2326 assuefieri.
2511 2259 2625 2324 Po·
2726 2271 2763 2314 ε·
2870 2227 2944 2332 ¹³51
2988 2273 3087 2355 ·,3
3140 2313 3154 2330 ,.

333 2417 586 2484 terant:
652 2412 763 2478 sed
825 2412 946 2480 hac
1015 2421 1190 2480 certe
1251 2413 1418 2498 lege:
1495 2420 1565 2478 ut
1627 2415 1853 2500 aequis
1916 2412 2393 2479 conditionibus
2456 2414 2625 2480 inter

341 2566 516 2652 ipsos
584 2572 650 2630 et
719 2568 1004 2654 ipsorum
1093 2585 1310 2652 regem
1391 2567 1480 2632 ita
1561 2567 1969 2643 conveniret,
2038 2574 2109 2632 ut
2170 2565 2248 2632 de
2310 2587 2425 2632 suo
2486 2569 2629 2633 iure

346 2719 602 2806 utrique
677 2718 920 2807 aliquid
993 2723 1416 2788 remitterent.
1513 2720 1732 2806 Neque
1806 2739 1915 2786 rex
1986 2727 2367 2806 potestatem
2435 2721 2627 2786 nullis

342 2875 686 2941 coercitam
737 2874 974 2939 finibus
1019 2884 1317 2961 appetere
1363 2873 1673 2953 debebat,
1726 2894 1931 2959 neque
1979 2877 2093 2960 qui
2132 2877 2268 2960 regi
2316 2874 2630 2961 parebant

340 3035 621 3093 veterem
695 3028 830 3093 sine
898 3027 1100 3093 frenis
1170 3027 1516 3093 licentiam.
1622 3028 1855 3093 Nostra
1917 3025 2435 3094 Christianorum
2508 3050 2623 3116 per

344 3179 630 3247 medium
681 3201 908 3247 aevum
958 3182 1221 3248 historia
1255 3146 1440 3249 ‘viam
1489 3202 1615 3269 qua
1668 3190 1835 3247 esset
1880 3181 2163 3247 eundum
2206 3180 2624 3248 demonstrat.

340 3335 413 3400 In
478 3356 546 3401 re
613 3356 842 3422 magna
901 3344 962 3403 et
1013 3339 1193 3422 gravi
1239 3336 1668 3403 consuluntur
1713 3357 1748 3401 a
1796 3356 1947 3423 rege
1994 3337 2332 3423 optimates
2380 3343 2444 3400 et
2492 3336 2620 3401 cle-

341 3508 488 3564 ruS‚
536 3496 756 3576 postea
805 3490 1098 3557 civitates
1145 3511 1421 3577 quoque.
1498 3492 1669 3557 lacta
1718 3497 1902 3555 erant
1936 3488 2353 3555 fundamenta
2400 3508 2617 3554 rerum

338 3642 852 3721 constitutioniS,
917 3644 1168 3729 qualem
1234 3666 1405 3710 nunc
1457 3645 1791 3713 habemus,
1886 3642 2158 3709 Ferebat
2202 3642 2468 3709 eandem
2519 3643 2616 3709 rei
2700 3630 2757 3707 ’.

339 3798 850 3883 progressionem
890 3797 1173 3865 Arabum
1215 3818 1466 3887 quoque
1511 3798 1795 3873 indoles;
1842 3785 2119 3883 namque
2158 3794 2471 3884 quamdiu
2504 3795 2656 3861 No·ur
2688 3872 2695 3877 .

338 3948 562 4016 mades
617 3950 874 4017 fuerant
921 3951 998 4018 de
1047 3951 1330 4038 qualibet
1377 3970 1448 4017 re
1493 3954 1787 4037 graviore
1836 3958 2051 4037 patres
2101 3947 2495 4015 familiarum
2550 3952 2615 4015 in
2652 3942 2878 4059 [μζ
2911 4029 2936 4051 ,κ

337 4122 680 4171 commune
739 4104 1190 4184 consulebant,
1257 4104 1422 4171 unde
1488 4105 1685 4171 veluti
1749 4112 2011 4171 senatus
2077 4102 2336 4189 quidam
2386 4104 2614 4169 existe·
2684 4118 2709 4200 [-

2656 4182 2779 4222 J·.{
2823 4201 2873 4219 ,ι

331 4256 482 4333 bat,
525 4260 637 4345 qui
677 4262 1032 4347 principem
1079 4260 1364 4327 consiliis
1405 4257 1772 4327 adiuvabat.
1847 4257 1941 4324 Ad
1983 4257 2153 4323 hunc
2198 4276 2400 4343 usque
2441 4255 2614 4322 diem
2677 4264 2721 4329 Γ

336 4414 407 4477 in
455 4410 706 4479 deserto
751 4415 841 4481 ita
893 4415 1030 4480 fieri
1079 4414 1332 4481 assolet.
1408 4414 1620 4496 Quare
1668 4413 1767 4478 his
1804 4410 2239 4478 fundamentis
2281 4418 2411 4476 tam
2457 4408 2619 4475 bene
2688 4490 2703 4506 -.
2742 4492 2752 4502 ἢ
2806 4470 2815 4479 .

331 4567 524 4632 iactis
587 4566 746 4633 nibil
800 4567 1359 4655 superstructum?
1449 4568 1685 4644 Causa,
1750 4566 2012 4653 opinor,
2064 4566 2129 4630 in
2178 4572 2437 4651 promtu
2483 4569 2610 4627 est.
