3325 5750
1870 685 1911 754 6

778 911 1112 978 Graeciam
1159 915 1224 974 et
1269 907 1428 972 alias
1468 908 1682 974 nescio
1722 927 1880 994 quas
1919 908 2211 994 regiones
2247 907 2645 993 peragravit,
2702 912 2771 970 ut
2810 905 3041 992 ubique

777 1064 1008 1131 harum
1082 1080 1300 1129 rerum
1366 1061 1604 1148 peritos
1684 1062 2081 1141 consuleret,
2156 1061 2441 1148 singulas
2510 1059 2761 1146 plantas
2824 1069 3041 1126 exacta

775 1238 932 1284 cura
977 1216 1374 1304 exploraret,
1427 1234 1574 1280 cum
1624 1217 2029 1302 superiorum
2071 1214 2605 1302 descriptionibus
2644 1223 3045 1300 compararet

775 1389 1011 1457 easque
1055 1389 1171 1456 pro
1222 1387 1292 1435 re
1339 1377 1489 1435 nata
1536 1376 1650 1433 aut
1698 1369 2049 1455 corrigeret
2092 1379 2205 1436 aut
2254 1367 2612 1457 suppleret,
2666 1376 2734 1433 ut
2770 1367 3045 1454 denique

777 1524 1028 1590 fructus
1091 1523 1383 1589 diuturni
1446 1521 1682 1589 laboris
1742 1524 1808 1587 in
1869 1543 2135 1608 magnae
2186 1522 2368 1589 molis
2416 1542 2604 1609 opere
2666 1530 3042 1609 exponeret,

775 1677 943 1766 quod
1005 1685 1104 1744 est
1171 1685 1660 1743 monumentum
1742 1695 1889 1742 aere
1953 1676 2339 1762 perennius?
2429 1675 2547 1742 Ubi
2606 1675 3041 1762 geographum

498 1877 512 1884 —
579 1830 1067 1930 ζμιίῐινθιιὶθε
1129 1830 1337 1917 qualis
1396 1837 1496 1896 est
1552 1827 1799 1906 Edrisi,
1872 1830 1982 1916 qui
2059 1831 2307 1915 copiose
2369 1838 2433 1895 et
2496 1829 2767 1896 fideliter
2830 1829 3046 1895 orbem

729 1994 1098 2052 terrarum
1167 1991 1374 2051 totum
1446 1982 1827 2069 descripsit,
1902 1984 2012 2069 qui
2078 1982 2269 2048 urbes
2341 1990 2403 2050 et
2482 2005 2676 2070 pagos
2752 1983 3043 2068 Europae

775 2137 1022 2205 mediae
1068 2145 1132 2204 et
1181 2139 1530 2226 superioris
1576 2146 1710 2202 tam
1753 2135 1910 2202 bene
1956 2138 2245 2222 cognitos
2288 2135 2557 2203 habebat
2597 2146 2791 2223 atque
2830 2135 3048 2202 Indiae

775 2299 840 2358 et
899 2293 1084 2378 regni
1129 2291 1419 2358 Sinensis
1459 2301 1522 2359 et
1560 2290 1919 2383 Nigritiae?
1980 2289 2151 2356 Nihil
2190 2291 2540 2376 antiquitas
2578 2289 2842 2377 protulit
2881 2288 3049 2376 quod

776 2467 927 2513 cum
975 2445 1083 2512 illo
1128 2448 1429 2532 giganteo
1474 2465 1661 2532 opere
1709 2446 2002 2531 componi
2047 2445 2273 2531 possit,
2321 2455 2383 2510 et
2426 2444 2701 2510 multum
2745 2446 3079 2532 temporis⁴

775 2602 1129 2688 praeterire
1173 2599 1393 2666 debuit
1440 2608 1784 2684 antequam
1837 2618 1995 2663 nova
2041 2606 2215 2664 aetas
2263 2617 2422 2684 opus
2472 2598 2725 2684 prodire
2766 2597 3049 2675 videret,

778 2753 947 2840 quod
1021 2753 1429 2838 aequiparari
1494 2760 1704 2837 posset
1767 2750 1896 2827 illi,
1974 2753 2161 2816 cuius
2232 2759 2456 2816 auctor
2527 2753 2729 2818 Arabs
2792 2750 3052 2817 saeculo

783 2906 1160 2973 duodecimo
1219 2904 1364 2971 fuit.
1459 2907 1797 2972 Praeterea
1860 2905 1972 2969 ubi
2036 2906 2321 2991 reperias
2384 2906 2447 2970 in
2492 2906 2783 2992 Europae
2832 2912 3050 2991 parte,

782 3080 974 3147 quam
1015 3059 1366 3125 Christiani
1399 3058 1807 3136 habitabant,
1846 3058 2290 3145 philosophum
2324 3068 2387 3124 et
2427 3058 2807 3123 historicum
2844 3057 3055 3144 qualis

777 3222 874 3281 est
921 3212 1409 3289 ibn-Chaldun,
1469 3214 1580 3298 qui
1626 3214 1865 3297 insigni
1923 3213 2159 3277 mentis
2206 3213 2503 3278 acumine
2550 3230 2765 3277 rerum
2826 3232 3056 3277 causas

772 3376 836 3433 et
881 3366 1107 3433 effecta
1155 3366 1614 3454 perspiciebat,
1678 3374 1743 3433 et
1804 3384 2033 3433 causas
2093 3366 2426 3451 indagaret
2474 3386 2593 3431 cur
2644 3384 2874 3450 magna
2927 3366 3047 3429 im·

775 3523 954 3609 peria
1000 3529 1112 3587 aut
1163 3520 1542 3587 tollerentur
1595 3521 1656 3586 in
1707 3520 1907 3586 altum
1959 3527 2070 3584 aut
2119 3530 2420 3595 ruerent,
2470 3518 2626 3585 adeo
2678 3527 2748 3583 ut
2795 3537 3055 3603 exspec—

778 3676 902 3740 tari
963 3674 1254 3741 debuerit
1333 3674 1531 3741 donec
1599 3675 1753 3741 Vico
1816 3682 1881 3739 et
1941 3674 2383 3759 Montesquieu
2446 3681 2907 3749 nascerentur,
2983 3680 3055 3736 ut

771 3830 942 3895 inter
989 3850 1104 3893 nos
1153 3829 1322 3893 illius
1371 3828 1654 3894 aemulos
1697 3826 2100 3893 haberemus,
2200 3826 2366 3909 Quid
2419 3826 2654 3892 habent
2700 3824 3053 3891 Christiani

771 3981 943 4067 quod
993 3982 1118 4049 illis
1165 3982 1528 4071 opponant?
1594 3980 1760 4063 Quid
1807 3979 2158 4047 effecerunt
2208 3981 2374 4067 quod
2438 3981 2561 4047 illis
2612 3979 2889 4066 palmam
2938 3977 3053 4043 du·

774 4136 947 4202 biam
995 4135 1206 4203 facere
1255 4138 1502 4223 posset?
1575 4135 1745 4201 Nihil
1796 4156 2079 4223 prorsuS.
2176 4134 2253 4202 Ut
2305 4137 2473 4201 inter
2507 4155 2644 4199 sese
2692 4132 3055 4219 comparari

769 4291 1018 4376 possint
1065 4288 1144 4356 ad
1193 4290 1497 4358 inferiora
1536 4288 2071 4357 descendendum.
2148 4288 2438 4375 Agedum
2478 4293 2844 4374 comparato
2888 4284 3053 4350 mihi

773 4442 1007 4530 aliquis
1056 4446 1458 4513 narrationes
1498 4444 2046 4518 Christianorum,
2082 4444 2193 4529 qui
2239 4442 2502 4509 Terram
2546 4449 2834 4508 sanctam
2879 4437 3049 4505 adie-

773 4607 958 4676 runt,
1027 4620 1174 4665 cum
1235 4599 1602 4665 narratione
1661 4598 1931 4677 ArabiS,
1990 4596 2198 4683 qualis
2261 4609 2353 4663 est
2422 4594 2868 4683 ibn-Djobair,
2934 4594 3045 4679 qui
