3325 5750
1857 654 1945 722 10

717 877 919 988 ‘teges
981 877 1061 945 de
1125 877 1401 964 nuptiiS,
1469 899 1546 944 ex
1610 876 1846 965 quibus
1906 887 1979 943 ut
2041 898 2122 945 ex
2185 877 2511 946 uberrimo
2576 878 2751 945 fonte
2804 897 3041 966 magna

631 1094 636 1103 .
737 1042 967 1101 rmaniat
1021 1052 1277 1100 morum
1337 1030 1736 1120 corruptela,
1803 1051 1927 1098 non
1996 1031 2153 1099 adeo
2214 1033 2367 1120 quia
2414 1032 2845 1122 polygamiam
2895 1051 3041 1119 per-

741 1188 1058 1268 mittunt,
1108 1185 1221 1254 sed
1267 1186 1420 1274 quia
1465 1185 1741 1254 divortia
1789 1192 1919 1254 tam
1971 1185 2185 1254 facilia
2230 1186 2479 1256 faciunt
2528 1193 2600 1252 ut
2638 1186 2771 1254 illic
2804 1188 3039 1254 matri·

737 1343 964 1409 ‘monia
1024 1343 1130 1407 vix
1195 1348 1572 1408 mereantur
1617 1361 1694 1408 eo
1738 1340 2000 1408 nomine
2046 1340 2374 1428 appellari.
2470 1339 2596 1407 Sed
2641 1360 2759 1407 cur
2799 1339 3033 1427 plura?

743 1495 1157 1583 Quicumque
1224 1494 1821 1562 Mohammedanam
1890 1493 2261 1561 societatem
2324 1493 2425 1561 vel
2470 1494 2686 1581 aliqua
2726 1514 2804 1562 ex
2850 1455 3039 1582 parte

736 1649 939 1718 -hahet
983 1651 1348 1736 cognitam,
1395 1650 1573 1715 novit
1613 1656 1885 1716 centena
1932 1647 2011 1714 de
2056 1668 2291 1734 genere
2336 1647 2455 1714 hoc
2504 1648 2679 1728 dari,
2730 1656 2794 1715 et
2832 1649 3027 1716 simul

739 1805 918 1870 novit
980 1801 1226 1870 nullam
1289 1823 1470 1892 spem
1531 1823 1675 1870 esse
1738 1801 1906 1890 apud
1971 1801 2109 1870 illos
2170 1801 2513 1890 aliquando
2559 1801 2716 1870 haec
2760 1801 3029 1872 meliora

731 1955 909 2037 ¹fore,
952 1959 1255 2045 quoniam
1289 1957 1612 2024 notionem
1659 1957 1820 2044 legis
1858 1955 2171 2022 divinitus
2208 1955 2592 2043 patefactae,
2636 1966 2699 2024 et
2724 1957 3029 2025 omnihus

741 2110 1138 2200 temporibus
1185 2110 1563 2199 populisque
1604 2120 1826 2191 ratae,
1876 2131 2128 2178 summa
2175 2131 2292 2195 ope
2341 2111 2642 2178 retinent.

827 2265 1122 2333 Secunda
1183 2286 1380 2335 causa
1446 2267 1514 2332 in
1578 2285 1652 2332 eo
1720 2274 1817 2331 est
1878 2265 2082 2352 posita
2147 2263 2313 2349 quod
2378 2265 2657 2342 AraheS,
2708 2285 3016 2332 novorum

733 2439 1080 2506 regnorum
1129 2418 1492 2486 conditores
1535 2428 1602 2487 et
1646 2439 1684 2486 a
1728 2426 1957 2484 natura
2006 2419 2225 2485 multis
2266 2419 2509 2504 ingenii
2541 2376 2799 2486 dotibus
2836 2441 3018 2507 prae·

683 2543 688 2552 ’
730 2570 889 2652 diti,
940 2593 1056 2639 sua
1104 2574 1389 2661 ipsorum
1441 2571 1731 2640 socordia
1773 2580 1838 2637 et
1880 2572 2091 2638 civilis
2132 2571 2511 2658 prudentiae
2549 2574 2765 2658 inopia
2804 2576 3016 2660 magis

729 2727 1061 2813 magisque
1109 2747 1146 2792 a
1193 2727 1445 2815 populis
1489 2725 1819 2812 augendae
1867 2725 2255 2792 humanitati
2302 2729 2516 2792 miuus
2552 2726 2725 2813 aptis
2766 2726 3012 2795 deloco

721 2880 1212 2948 deiiciebantur.
1308 2879 1737 2948 ostenderant
1792 2900 1859 2947 se
1910 2879 2096 2947 facile
2144 2900 2302 2946 nova
2352 2880 2624 2966 imperia
2673 2881 3009 2967 acquirere

632 3024 642 3047 '
724 3054 947 3122 posse,
1013 3033 1124 3101 sed
1179 3034 1374 3101 simul
1437 3033 1859 3101 ostenderunt
1921 3055 1988 3101 se
2047 3035 2204 3101 bene
2267 3044 2579 3099 moratam
2640 3035 3005 3113 civitatem,

724 3190 788 3254 in
838 3206 966 3275 qua
1011 3188 1196 3273 quies
1235 3197 1299 3253 et
1348 3189 1550 3253 otium
1599 3207 1749 3253 cum
1799 3206 1999 3273 aequa
2040 3189 2329 3253 omnium
2366 3186 2663 3253 libertate
2697 3190 3004 3255 consiste-

725 3352 905 3419 rent,
953 3340 1226 3409 condere
1273 3349 1339 3407 et
1385 3340 1673 3408 stabilire
1720 3360 1847 3407 non
1894 3361 2096 3427 posse.

810 3494 1019 3576 Quum
1082 3502 1296 3563 essent
1358 3493 1436 3561 ab
1496 3496 1744 3581 origine
1798 3493 2149 3573 NomadeS,
2220 3494 2514 3561 libertate
2584 3496 2679 3559 usi
2743 3494 3000 3563 fuerant

716 3650 912 3717 nullis
973 3648 1207 3716 finibus
1267 3650 1785 3736 circumscripta.
1884 3646 2327 3735 Principibus,
2377 3669 2537 3735 quos
2586 3647 2708 3715 sibi
2752 3649 2998 3736 praefe-

715 3812 938 3872 cerant
1000 3804 1162 3890 ipsi,
1233 3802 1484 3869 nullum
1549 3811 1690 3869 erat
1758 3803 1861 3869 ius
1926 3800 2317 3889 imperandi:
2391 3809 2616 3869 contra
2681 3802 2998 3871 debebant

533 4004 539 4012 -
644 3980 654 3998 -’
715 3958 934 4026 sedulo
993 3976 1220 4024 cavere
1282 3977 1360 4023 ne
1416 3956 1580 4024 forte
1627 3954 2035 4044 popularium
2082 3956 2388 4023 ferociam
2436 3966 2501 4024 et
2552 3958 2995 4024 morositatem

712 4115 1114 4190 excitarent,
1165 4111 1511 4199 quominus
1558 4117 1674 4176 aut
1720 4110 1939 4177 statim
1988 4108 2474 4187 desererentur,
2524 4119 2637 4177 aut
2677 4118 2995 4198 potestate

714 4274 1138 4340 exuerentur;
1185 4272 1250 4331 et
1303 4265 1360 4330 si
1406 4284 1558 4331 suos
1601 4262 1685 4330 ad
1731 4263 2012 4349 aliquam
2063 4286 2197 4330 rem
2247 4264 2720 4352 suscipiendam
2768 4266 2995 4352 impel-

712 4422 843 4489 lere
898 4419 1172 4501 vellent,
1237 4418 1303 4485 id
1366 4417 1571 4487 solum
1621 4416 1873 4485 efficere
1936 4426 2230 4503 poterant
2279 4420 2333 4485 si
2378 4418 2656 4487 facunda
2702 4420 2993 4487 oratione

704 4579 993 4665 ipsorum
1052 4575 1300 4642 animos
1359 4582 1423 4641 et
1487 4582 1735 4641 mentes
1797 4573 2312 4641 commovissent.
2412 4572 2855 4640 Abhorrehant
2903 4573 2987 4639 ab
