3325 5750
1428 670 1470 735 9

308 896 444 960 cisa
489 912 632 980 spes
679 891 927 970 omniS,
980 889 1114 958 fore
1164 902 1235 960 ut
1277 890 1819 970 emendarentur,
1868 891 2408 978 quemadmodum
2460 908 2588 954 me·

307 1047 544 1113 liorum
623 1052 988 1132 temporum
1061 1047 1226 1112 ratio
1293 1045 1669 1132 postularet.
1786 1047 2063 1129 Questus
2133 1053 2231 1112 est
2300 1061 2595 1111 summus

313 1202 782 1270 Germanorum
819 1206 1034 1285 poeta,
1080 1198 1250 1284 leges
1289 1205 1354 1265 et
1394 1198 1568 1276 iura,
1610 1197 1810 1265 veluti
1853 1199 2149 1267 morbum
2184 1205 2594 1286 perpetuum,

306 1354 704 1422 haereditate
768 1353 1161 1430 transmitti,
1233 1360 1297 1420 et
1359 1353 1415 1418 si
1479 1373 1553 1418 ea
1623 1353 1881 1438 querela
1946 1375 2024 1420 ex
2087 1361 2267 1442 parte
2335 1358 2590 1418 tantum

308 1510 483 1577 cadit
530 1509 596 1574 in
645 1509 1013 1572 societatem
1061 1513 1382 1584 nostram,
1423 1507 1763 1574 verissima
1798 1518 1896 1574 est
1935 1509 2001 1573 in
2046 1504 2591 1574 Mohammedana.

307 1665 714 1748 Quicumque
751 1659 882 1725 illic
925 1661 1026 1723 ius
1065 1660 1390 1746 corrigere
1422 1660 1833 1748 aggreditur,
1875 1663 1999 1749 ipsi
2043 1659 2337 1748 religioni
2363 1676 2595 1723 manus

311 1816 658 1902 sacrilegas
698 1816 942 1880 iniicit:
984 1833 1261 1900 namque
1305 1813 1434 1880 illic
1470 1816 1572 1880 ius
1603 1793 1890 1882 condidit
1914 1814 2283 1900 Ingenitum
2316 1811 2592 1879 Verbum

313 1971 433 2039 Dei
467 1970 564 2060 (eo
602 1970 777 2036 enim
818 1968 953 2034 loco
991 1967 1276 2034 Coranus
1315 1966 1614 2056 habetur)
1664 1977 1729 2034 et
1778 1970 2132 2035 sententiae
2171 1966 2304 2033 falli
2346 1966 2598 2033 nesciae

313 2124 553 2191 summi
613 2131 676 2189 et
740 2121 950 2188 ultimi
1017 2120 1494 2210 prophetarum.
1589 2121 1839 2209 Ecquid
1896 2125 2134 2188 mirum
2184 2118 2601 2186 succubuisse

310 2277 572 2345 tandem
622 2275 964 2363 aliquando
1015 2272 1316 2361 populum
1366 2275 1544 2341 oneri
1590 2274 2008 2360 legislationis
2048 2273 2472 2341 immutabilis
2518 2293 2594 2338 ac
2661 2289 2679 2310 ⁴

315 2430 516 2498 veluti
577 2430 645 2495 in
707 2449 935 2496 saxum
998 2427 1388 2495 conversae?
1486 2427 1653 2510 Quid
1716 2427 1961 2496 factum
2024 2438 2194 2497 esset
2256 2427 2473 2506 nobiS,
2540 2427 2594 2492 si
2673 2461 2685 2495 ,-

311 2587 686 2653 etiamnunc
747 2581 917 2670 apud
987 2603 1100 2649 nos
1164 2583 1517 2649 sententiae
1567 2582 1856 2650 iudicum
1902 2584 2229 2650 ferrentur
2276 2603 2354 2650 ex
2406 2582 2597 2669 Capi·
2849 2652 2855 2660 .
2905 2631 2911 2639 „
2959 2648 2965 2658 ,
3016 2645 3039 2656 ,,

317 2738 574 2805 tulariis
622 2735 834 2804 Caroli
889 2736 1138 2822 Magni,
1178 2735 1309 2816 vel,
1353 2745 1424 2802 ut
1460 2756 1719 2805 sacrum
1761 2737 2001 2804 librum
2036 2736 2283 2816 dicam,
2321 2757 2401 2804 ex
2432 2735 2599 2822 Lege

320 2890 637 2961 Mosaica?
718 2892 792 2957 In
854 2890 1178 2955 nonnullis
1239 2892 1436 2957 etiam
1500 2892 1567 2955 in
1624 2902 1919 2957 nostrum
1987 2890 2359 2957 ius-Biblia
2417 2910 2604 2957 sacra

323 3048 453 3111 vim
499 3064 680 3111 suam
722 3051 1189 3120 exercuerunt,
1231 3061 1356 3107 non
1397 3051 1649 3109 tantum
1678 3042 1887 3109 medio
1912 3063 2099 3122 aevo,
2141 3065 2343 3131 quum
2370 3062 2605 3129 magna

323 3200 407 3265 iis
462 3207 630 3265 esset
693 3198 1076 3273 auctoritaS,
1147 3193 1258 3261 sed
1313 3197 1510 3262 etiam
1559 3200 1915 3264 recentiore
1964 3199 2291 3265 memoria.
2386 3196 2607 3263 Nonne

326 3351 742 3419 recordamur
788 3371 1046 3427 omnes,
1094 3369 1222 3435 quo
1258 3356 1444 3436 pacto
1479 3350 1809 3431 nonnulli,
1852 3353 2254 3437 argumentis
2293 3371 2370 3417 ex
2410 3350 2632 3433 Sacra⁸

326 3508 663 3593 Scriptura
723 3507 980 3592 petitiS‚
1043 3504 1428 3574 obsisterent
1486 3505 1833 3593 quominus
1898 3506 2067 3573 servi
2125 3506 2189 3570 in
2240 3504 2603 3572 libertatem

330 3660 876 3729 restituerentur?
959 3658 1179 3726 Nonne
1245 3662 1582 3739 novimuS,
1649 3658 1885 3746 quibus
1950 3656 2426 3746 impedimentis
2486 3660 2609 3726 Ec-
2706 3658 2709 3663 ’

329 3814 522 3882 clesia
589 3813 1076 3878 matrimonium
1149 3812 1336 3881 civile
1413 3813 1816 3901 prohibuerit
1886 3821 1948 3880 et
2026 3812 2102 3878 ad
2164 3811 2337 3879 hunc
2409 3833 2609 3901 usque

331 3968 502 4035 diem
568 3968 632 4032 in
666 3949 952 4031 'Austria
1010 3966 1386 4052 prohibeat?
1461 3966 1655 4033 Nobis
1713 3976 1926 4033 tamen
1994 3966 2101 4033 illa
2153 3966 2613 4054 impedimenta

331 4121 557 4208 aequis
603 4121 836 4185 animis
883 4120 1344 4208 perseverando
1384 4121 1700 4187 removeri
1737 4128 2062 4206 poterant:
2108 4132 2174 4187 at
2216 4120 2609 4189 Mohamme-
2670 4152 2677 4195 ·.
2759 4149 2767 4157 ·

331 4275 499 4341 dano
560 4293 817 4339 necesse
872 4282 970 4339 est
1017 4282 1128 4339 aut
1173 4273 1271 4339 bis
1321 4272 1809 4341 difficultatibus
1857 4273 2115 4351 cedere,
2165 4282 2275 4339 aut
2322 4272 2605 4340 Moham-
2655 4259 2663 4270 ’

337 4427 682 4494 medanum
731 4447 871 4495 csse
917 4427 1227 4495 desinere.
1325 4427 1590 4495 Divinae
1637 4449 1694 4495 V.
1737 4450 1793 4495 c.
1843 4438 1907 4495 et
1954 4427 2389 4494 immutabiles
2430 4426 2606 4517 (nam

335 4580 756 4682 immutabilis
818 4590 915 4650 est
978 4581 1272 4649 voluntas
1337 4582 1472 4671 Dei)
1539 4582 1857 4649 habentur
1919 4581 2087 4669 apud
2144 4602 2325 4649 veros
2388 4581 2603 4649 fideles
