3325 5750
1858 599 1947 668 18

769 819 937 906 quod
992 837 1144 885 sane
1212 818 1646 908 memorabile)
1715 822 1819 885 cui
1885 822 2089 906 magis
2166 821 2747 890 conservandarum
2822 842 3038 890 rerum

765 992 962 1066 quam
1015 972 1456 1040 novandarum
1521 972 1805 1039 studium
1858 974 2325 1061 consiliumque
2374 985 2555 1055 erat,
2604 976 2731 1044 tale
2776 977 3041 1063 inquam

769 1126 1108 1213 collegium
1181 1126 1588 1214 Theologiam
1651 1127 1731 1194 ab
1799 1129 2345 1196 Universitatibus
2412 1133 2650 1196 nostris
2712 1151 3045 1198 removere

772 1281 1033 1347 volebat.

856 1435 1042 1522 Apud
1093 1435 1656 1505 Mohammedanos
1716 1437 1949 1502 iterum
2000 1457 2221 1504 rerum
2270 1457 2501 1504 cursus
2547 1437 2732 1524 plane
2778 1440 2843 1503 in
2890 1457 3040 1503 con—

479 1661 492 1685 4
545 1600 616 1666 ’,κῆ
689 1663 696 1679 ¹
767 1592 1041 1656 trarium
1091 1610 1159 1656 se
1207 1591 1546 1656 convertit.
1638 1587 1899 1656 lllorum
1948 1591 2449 1670 UniversitateS,
2500 1599 2565 1658 et
2604 1594 2779 1678 ipsae
2825 1590 3043 1658 condi·

659 1727 689 1754 “¹
764 1753 868 1812 tae
913 1743 992 1808 ob
1055 1741 1462 1828 Theologiam
1527 1751 1590 1810 et
1651 1763 1814 1829 quae
1875 1745 1940 1810 in
2003 1741 2261 1811 Oriente
2324 1765 2469 1812 cum
2522 1743 2861 1830 Theologia
2908 1743 3043 1810 fere

517 1888 537 1984 ξ
581 1880 588 1888 ’
660 1899 675 1911 ’
719 1877 736 1892 ”
767 1896 1068 1964 coalescit
1114 1896 1743 1984 Jurisprudentiam,
1796 1898 2077 1984 primum
2129 1919 2479 1986 numquam
2529 1909 2783 1966 tantum
2836 1899 3041 1964 scien-

765 2053 1003 2118 tiarum
1068 2050 1381 2118 ambitum
1441 2051 1804 2137 complexae
1853 2059 2039 2130 sunt,
2084 2062 2399 2138 quantum
2450 2055 2578 2120 iam
2625 2052 2735 2118 diu
2786 2061 3043 2118 nostrae

617 2221 656 2228 ··
727 2199 1304 2290 ‘complectunturu
1399 2203 1781 2274 Medicinam
1831 2205 2171 2274 nonnullae
2208 2207 2554 2284 docebant,
2604 2226 2840 2294 eaeque
2884 2225 3043 2293 pau-

767 2359 1096 2435 cissimae,
1128 2358 1390 2426 omnino
1427 2359 1640 2426 nullae
1674 2360 2163 2428 mathematicas
2202 2371 2267 2426 et
2302 2360 2608 2448 Physicas
2634 2358 3040 2446 disciplinaS,

768 2532 972 2598 neque
1021 2472 1403 2590 Historiam,
1455 2533 1658 2600 neque
1705 2521 1977 2579 caetera.
2072 2513 2196 2594 Qui
2243 2534 2314 2580 ea
2363 2513 2575 2579 studia
2622 2514 2803 2600 sequi
2850 2512 3042 2580 vellet

767 2664 1115 2751 quaerebat
1171 2664 1293 2731 sihi
1354 2666 1511 2732 alios
1567 2667 1895 2742 doctores,
1946 2687 2073 2753 quo
2119 2665 2359 2734 sactum
2410 2676 2507 2733 est
2554 2675 2627 2732 ut
2673 2665 3041 2732 litterarum

699 2839 710 2887 2
769 2817 1189 2890 Arabicarum
1232 2837 1380 2905 pars
1427 2819 1981 2905 praestantissima
2029 2827 2177 2886 nata
2225 2821 2310 2885 sit
2356 2826 2539 2885 extra
2582 2819 3045 2887 Universitates

767 2983 829 3040 et
898 2992 1382 3060 nonnumquam
1460 2973 1996 3039 Universitatibus
2062 2975 2300 3039 invitis,
2396 2973 2491 3039 Ab
2561 2975 2745 3040 initio
2816 2975 3045 3039 statim

767 3128 1148 3196 Seminariis
1211 3144 1400 3212 quam
1464 3125 2002 3195 Universitatibus
2065 3127 2441 3204 similioreS‚
2512 3147 2637 3213 quo
2694 3129 2903 3213 magis
2972 3129 3044 3193 in

765 3280 1296 3351 Mohammedana
1344 3280 1646 3347 societate
1700 3302 1886 3349 verae
1933 3280 2355 3347 humanitatis
2418 3283 2662 3349 semina
2708 3300 3045 3347 exaresce-

765 3438 958 3516 bam,
1015 3457 1090 3503 eo
1152 3436 1358 3520 magis
1429 3436 1494 3499 in
1560 3435 1685 3502 illis
1746 3437 2004 3521 angusti
2062 3437 2261 3501 animi
2326 3436 2601 3521 ineptiae
2653 3434 3045 3521 gliscebant3

763 3600 828 3658 et
889 3598 1144 3657 tantum
1192 3587 1372 3657 abest
1421 3598 1494 3654 ut
1557 3609 1731 3656 nunc
1778 3609 1997 3657 rerum
2046 3588 2301 3655 utilium
2350 3592 2645 3657 notitiam
2692 3597 3043 3677 spargant,

765 3752 838 3811 ut
885 3747 1098 3831 potius
1159 3744 1250 3811 nil
1312 3744 1439 3809 nisi
1510 3746 2070 3830 superstitionem,
2126 3743 2483 3821 inscitiam,
2523 3742 2940 3811 fanatismum
2976 3751 3047 3809 et

762 3897 1236 3968 intolerantiam
1299 3897 1552 3964 foveant
1599 3899 1999 3985 pariamque.

849 4052 1120 4119 Necesse
1173 4052 1334 4119 mihi
1395 4050 1519 4121 fuit
1580 4053 2020 4121 miserrimum
2079 4060 2319 4119 statum
2383 4052 2747 4119 scholarum
2804 4050 3037 4119 ultimo

760 4206 896 4275 loco
943 4226 1211 4293 ponere,
1259 4206 1564 4292 quoniam
1615 4206 1720 4273 illa
1764 4207 2096 4276 calamitas
2142 4228 2215 4275 ex
2262 4205 2403 4273 aliis
2460 4207 2673 4274 causis
2712 4214 2863 4273 nata
2901 4215 3037 4284 est,

761 4379 920 4448 quas
966 4363 1148 4447 prius
1209 4382 1524 4449 exponere
1581 4363 1929 4449 oportebat.
2026 4360 2149 4429 Sed
2210 4361 2605 4431 confidenter
2668 4380 2907 4451 quaero
2955 4381 3037 4430 ex

757 4514 1089 4595 omnibuS,
1159 4537 1368 4585 nonne
1430 4517 1586 4585 haee
1649 4538 1777 4585 una
1842 4538 1945 4585 res
2002 4518 2161 4586 satis
2210 4516 2483 4604 explicet
2526 4538 2644 4585 cur
2688 4517 2767 4585 ad
2815 4524 3033 4585 tantas
