3325 5750
1833 646 1873 714 8

492 910 498 918 ·
613 825 631 916 ἰ
846 873 995 952 Est,
1057 872 1310 959 opinor,
1374 889 1600 957 operae
1661 870 1944 956 pretium
2007 868 2199 936 huius
2256 871 2350 938 rei
2411 889 2639 938 causas
2686 870 3017 957 indagare.

649 1013 682 1086 ζ
753 1028 977 1114 Itaque
1041 1025 1160 1091 hoc
1215 1021 1482 1090 solemni
1545 1021 1648 1090 die
1711 1024 1776 1088 in
1824 1023 2040 1088 animo
2090 1023 2245 1088 mibi
2292 1033 2391 1090 est
2437 1022 2651 1091 dicere
2694 1025 2772 1091 de
2818 1024 3023 1091 causis

648 1150 716 1200 ³⁸
755 1140 868 1248 cur
927 1176 1584 1246 Mohammedanorum
1645 1176 1892 1243 cultura
1952 1187 2010 1243 et
2073 1177 2428 1244 humanitas
2481 1199 2636 1266 prae
2698 1198 2803 1256 ea,
2866 1198 3027 1265 quae

759 1333 1255 1400 Christianorum
1303 1338 1420 1408 est,
1470 1329 1803 1396 imminuta
1849 1339 1907 1396 et
1952 1340 2239 1417 corrupta
2285 1332 2384 1396 sit.
2483 1332 2597 1398 Est
2640 1331 2799 1397 mihi
2838 1332 2903 1396 in
2948 1349 3025 1397 ea

756 1509 829 1555 re
875 1503 1260 1573 magnopere
1306 1502 1465 1568 opus
1505 1491 1578 1548 ut
1611 1501 1717 1550 me
1752 1502 1874 1548 non
1919 1483 2133 1549 minus
2174 1483 2491 1550 benevolis
2532 1505 2725 1571 quam
2760 1484 3028 1552 attentis

754 1640 990 1707 animis
1058 1636 1375 1715 audiatiS,
1447 1655 1727 1722 namque
1781 1655 1907 1702 non
1970 1644 2121 1702 sunt
2183 1656 2404 1704 omnes
2469 1657 2698 1706 causae
2761 1635 3029 1725 perinde

753 1793 973 1861 faciles
1019 1790 1100 1857 ad
1147 1788 1583 1876 indagandum
1631 1791 1695 1855 et
1743 1808 2076 1856 occurram
2119 1792 2401 1856 satietati
2440 1811 2565 1857 non
2606 1811 2826 1859 omnes
2862 1810 3028 1878 quas

751 1946 1042 2012 noverim
1089 1942 1560 2019 enumerando;
1607 1941 1945 2009 continebo
1994 1961 2097 2008 me
2144 1944 2314 2010 inter
2359 1947 2796 2030 gravissimas·

844 2099 1060 2165 Primo
1104 2097 1241 2163 loco
1288 2098 1548 2163 nomino
1592 2094 2266 2163 Mohammedanorum
2302 2097 2698 2184 religionem.
2783 2095 3026 2180 Quodsi

751 2252 859 2319 illa
905 2251 1135 2337 religio
1179 2248 1270 2316 nil
1315 2250 1441 2316 nisi
1484 2270 1711 2317 norma
1756 2256 1923 2316 esset
1970 2251 2071 2336 pie
2112 2257 2457 2337 sancteque
2502 2251 2790 2330 vivendi,
2842 2271 3026 2318 cave-

747 2426 888 2473 rem
959 2404 1179 2472 sedulo
1248 2423 1327 2470 ne
1398 2403 1571 2470 illam
1641 2405 1917 2491 primam
1990 2424 2126 2471 esse
2195 2425 2454 2471 causam
2528 2425 2831 2492 ponerem
2903 2423 3029 2471 cur

749 2561 1004 2627 senium
1048 2567 1111 2626 et
1156 2556 1330 2624 labes
1376 2557 1547 2644 apud
1593 2557 1735 2623 illos
1782 2563 1931 2623 nata
1981 2559 2098 2634 sit,
2160 2578 2434 2646 namque
2482 2559 2561 2625 ab
2610 2558 2715 2624 illa
2763 2557 3027 2645 quidem

747 2721 931 2802 parte
979 2721 1136 2780 natu
1181 2712 1394 2779 minor
1439 2710 1750 2778 Iudaismi
1802 2711 1927 2777 filia
1975 2730 2182 2797 neque
2229 2732 2263 2776 a
2312 2720 2519 2778 matre
2568 2710 2843 2778 multum
2895 2710 3025 2777 dis-

505 2922 568 2971 l·
626 2865 634 2875 '
750 2867 956 2944 cedit,
1025 2885 1231 2952 neque
1287 2884 1325 2930 a
1387 2865 1629 2933 maiore
1693 2885 1909 2933 sorore
1976 2863 2489 2932 christianismo.
2597 2865 2763 2948 Quin
2826 2865 3025 2931 etiam

541 3034 571 3054 “
749 3020 1025 3088 ulterius
1067 2991 1465 3106 progredior.
1536 3017 1931 3085 Contendere
1973 3019 2180 3083 ausim
2230 3019 2545 3085 Coranum
2594 3018 2825 3086 melius
2872 3038 3022 3084 cum

536 3137 544 3144 ,
705 3137 1126 3241 *recentioris
1184 3173 1414 3239 aetatis
1475 3173 1735 3257 ingenio
1779 3173 2118 3239 convenire
2158 3181 2219 3238 et
2260 3172 2658 3239 commodius
2702 3172 2782 3238 ad
2829 3174 3027 3242 huius

750 3325 989 3395 saeculi
1036 3325 1364 3412 opiniones
1413 3323 1585 3391 flecti
1631 3346 1849 3412 posse,
1900 3346 2092 3413 quam
2152 3325 2352 3392 Vetus
2396 3336 2461 3392 et
2508 3326 2750 3394 Novum
2805 3328 3025 3396 Testa-

749 3487 1062 3548 mentum.
1157 3476 1282 3543 Sed
1343 3477 1660 3555 CoranuS,
1723 3478 2073 3565 Prophetae
2121 3482 2459 3547 sententiis
2506 3489 2571 3547 et
2622 3483 3023 3549 constitutio-

751 3636 942 3703 nibus
1008 3631 1370 3720 suppletus,
1418 3629 1586 3696 idem
1652 3641 1750 3697 est
1805 3634 2015 3698 omnis
2076 3635 2239 3700 iuris
2298 3635 2689 3722 principium
2748 3645 2813 3702 et
2861 3635 3019 3701 fons,

613 3853 624 3863 ,
713 3755 845 3866 'LAb
894 3788 1116 3864 initio,
1164 3784 1356 3872 idque
1401 3783 1513 3850 diu
1560 3787 1811 3863 tenuit,
1862 3786 2163 3854 salutaris
2209 3786 2551 3853 admodum
2596 3808 2670 3854 ea
2716 3808 2821 3855 res
2859 3788 3021 3867 fuit,

752 3942 1056 4031 quoniam
1120 3958 1283 4025 quae
1351 3945 1539 4006 antea
1609 3947 1722 4005 aut
1784 3941 2041 4006 omnino
2105 3961 2267 4021 non,
2325 3948 2437 4008 aut
2484 3950 2835 4029 utcumque
2882 3944 3023 4009 iure

751 4098 979 4183 longae
1017 4090 1503 4162 consuetudinis
1545 4091 1710 4158 male
1751 4092 2085 4160 observato
2124 4096 2475 4162 constituta
2510 4094 2813 4173 fuissent,
2850 4116 3020 4163 nunc

754 4248 833 4315 ad
900 4254 1110 4315 certas
1179 4245 1436 4333 regulas
1505 4245 1767 4313 definita
1844 4255 2029 4313 erant
2091 4269 2127 4314 a
2197 4247 2525 4335 praeclaro
2586 4250 2764 4329 viro,
2835 4248 3021 4337 longe

753 4423 951 4491 supra
989 4399 1352 4487 aequalium
1395 4409 1655 4487 captum
1698 4410 1935 4468 evecto.
2002 4401 2123 4468 Sed
2163 4401 2469 4489 paulatim
2507 4400 2663 4469 haec
2698 4410 2771 4468 ut
2808 4403 3022 4470 omnia

754 4558 1034 4624 humana
1084 4574 1534 4623 consenescere
1582 4565 1967 4642 coeperunt,
2033 4564 2097 4623 et
2142 4564 2281 4623 erat
2335 4556 2400 4622 in
2448 4563 2829 4644 perpetuum
2879 4578 3023 4625 suc-
