3325 5750
1878 654 1967 720 14

766 877 1114 964 putabant,
1166 879 1327 944 meri
1377 876 1637 943 fanatici
1683 875 1959 952 fuerint,
2008 885 2079 940 ut
2128 877 2337 960 potius
2384 877 2757 963 religionem
2808 899 3037 965 parum

766 1005 1070 1098 curarent
1122 1039 1185 1097 et
1231 1030 1701 1117 quadamtenus
1747 1030 1826 1097 ab
1872 1050 1947 1096 ea
1990 1039 2205 1096 essent
2250 1028 2465 1097 alieni.
2558 1031 2772 1112 Quum
2818 1043 3040 1103 essent.

687 1273 696 1283 .
763 1192 988 1270 suapte
1057 1192 1288 1250 natura
1356 1204 1585 1271 parum
1655 1183 1987 1268 religiosi,
2071 1183 2470 1250 desertorum
2551 1185 2797 1276 incolae
2869 1209 3035 1254 nova

448 1374 464 1388 ·
675 1407 683 1415 ..
756 1321 942 1406 {sacra
991 1345 1168 1404 metu
1216 1339 1420 1424 magis
1465 1335 1817 1429 Prophetae
1864 1356 2057 1423 quam
2104 1357 2181 1404 ex
2228 1338 2429 1403 animi
2484 1340 2803 1407 sententia
2844 1361 3035 1410 acce·

759 1500 1006 1578 perant.
1110 1491 1348 1560 Deinde
1407 1492 1514 1558 illo
1585 1499 1837 1558 mortuo
1898 1493 2306 1576 arripuerant
2367 1493 2764 1560 occasionem
2829 1515 3031 1563 excu-

759 1645 957 1712 tiendi
1003 1646 1142 1731 iugi
1188 1654 1252 1713 et
1298 1647 1363 1711 in
1416 1646 1689 1731 politicis
1728 1644 1922 1711 rebus
1961 1653 2026 1710 et
2065 1647 2131 1710 in
2172 1644 2512 1730 religiosis,
2588 1646 2663 1710 Vi
2697 1666 3030 1715 armorum

758 1802 994 1867 iterum
1047 1798 1297 1866 subacti
1346 1808 1524 1875 sunt;
1570 1799 1682 1866 sed
1737 1797 1978 1865 ferebat
2022 1800 2115 1865 rei
2165 1808 2397 1866 natura
2444 1808 2519 1866 ut
2564 1803 2774 1886 specie
2822 1805 3037 1890 magis

755 1974 948 2040 quam
984 1973 1054 2019 re
1091 1952 1522 2019 Islamismum
1548 1952 1863 2030 colerent,
1898 1962 1962 2018 et
2002 1972 2117 2038 pro
2154 1961 2332 2019 certa
2372 1964 2434 2019 et
2467 1955 2846 2022 inconcussa
2872 1955 3027 2034 fide,

756 2128 919 2196 quae
948 2115 1278 2194 spectatur
1319 2107 1542 2194 primis
1583 2106 1859 2172 saeculis
1885 2108 1949 2171 in
1975 2105 2395 2184 ChristianiS‚
2437 2108 2647 2193 prima
2671 2108 3020 2177 Islamismi

755 2261 1009 2330 saecula
1073 2261 1554 2348 scepticismum
1620 2262 1885 2328 minime
1946 2260 2268 2327 occultum
2319 2261 2703 2342 ostendunt,
2752 2271 2819 2329 et
2858 2263 3033 2330 deri-

756 2417 1038 2496 sionem,
1111 2434 1274 2502 quae
1343 2435 1527 2502 saepe
1593 2415 1863 2480 Voltarii
1936 2416 2107 2481 risus
2175 2416 2240 2479 in
2306 2417 2685 2482 memoriam
2748 2426 3033 2484 revocat,

757 2572 900 2638 Non
963 2569 1204 2636 Arabes
1263 2609 1353 2620 --
1407 2569 1809 2654 excipimus,
1874 2579 1947 2634 ut
2002 2588 2119 2655 par
2165 2575 2301 2647 est,
2352 2570 2523 2654 ipsos
2566 2570 3033 2639 Mobammedis

698 2810 702 2815 ι
753 2725 994 2795 amicos
1039 2722 1508 2810 discipulosque
1553 2759 1642 2772 -——
1686 2721 1798 2788 sed
1844 2723 2059 2808 populi
2114 2723 2266 2788 victi
2322 2731 2385 2788 et
2430 2723 2511 2788 ad
2557 2743 2785 2791 novam
2832 2724 3029 2808 fidem

755 2861 1071 2954 conversi,
1115 2880 1373 2955 Persae,
1415 2876 1703 2953 Berberi,
1745 2875 2041 2963 Hispani,
2082 2876 2513 2943 Islamismum
2556 2880 2721 2945 serio
2755 2880 3028 2955 admise-

755 3044 945 3110 runt,
1012 3042 1076 3099 et
1124 3051 1234 3118 per
1282 3029 1422 3096 illos
1471 3029 1711 3095 sactum
1758 3038 1857 3097 est
1908 3038 1978 3095 ut
2026 3030 2154 3094 vim
2202 3049 2385 3096 suam
2430 3039 2633 3097 totam
2683 3042 3029 3101 exsereret.

754 3185 1097 3253 Islamismi
1160 3183 1426 3250 historia
1488 3184 1690 3269 igitur
1750 3193 1845 3250 est
1908 3183 2176 3249 historia
2238 3182 2387 3249 fidei
2448 3203 2701 3272 semper
2754 3196 3025 3267 auctae,

752 3358 918 3426 quae
963 3339 1154 3407 fiebat
1199 3338 1508 3404 intensior
1555 3340 1893 3424 acriorque
1952 3356 2079 3423 quo
2126 3338 2333 3423 magis
2380 3336 2524 3403 illae
2572 3347 2795 3422 gentes
2838 3360 3029 3427 prae-

561 3524 572 3537 ⁴
613 3440 695 3545 ἶ
754 3493 1070 3582 pollebant
1114 3502 1178 3560 et
1224 3492 1506 3559 Arabum
1556 3495 1837 3577 potentia
1888 3489 2325 3566 minuebatur;
2390 3500 2453 3557 et
2500 3491 2774 3580 denique
2818 3514 3024 3581 quum

647 3690 658 3702 ‚
752 3648 1079 3736 peregrini
1125 3646 1507 3713 mercenarii
1553 3665 1775 3712 rerum
1822 3644 2009 3732 potiti
2047 3655 2289 3723 essent,
2336 3646 2611 3732 pristina
2650 3646 3023 3725 tolerantia,

685 3846 698 3866 .
753 3820 832 3869 ex
890 3799 1219 3885 religionis
1275 3798 1663 3886 negligentia
1710 3798 1858 3865 olim
1910 3806 2098 3876 nata,
2169 3798 2379 3866 locum
2442 3798 2596 3865 fecit
2639 3798 3022 3879 fanatismo,

753 3955 1007 4022 diversa
1054 3954 1400 4031 sentientes
1445 3952 1685 4021 furiose
1729 3954 2096 4019 insectanti.

842 4109 1013 4175 Fieri
1055 4128 1182 4175 non
1223 4117 1472 4196 poterat
1519 4110 1674 4196 quin
1717 4107 2039 4173 institutio
2087 4126 2337 4194 quoque
2384 4109 2678 4195 superior
2723 4107 3023 4175 inferior·-

565 4290 574 4297 ·
675 4281 878 4357 v,que
944 4262 1175 4329 harum
1231 4282 1450 4329 rerum
1500 4260 1800 4330 effectum
1838 4263 2264 4349 experiretur.
2368 4261 2710 4349 Utriusque
2751 4262 3025 4329 historia

751 4417 821 4486 in
888 4415 1147 4485 Oriente
1211 4418 1443 4483 iterum
1511 4419 1751 4483 mirum
1801 4418 1861 4482 in
1916 4416 2173 4483 modum
2231 4414 2445 4483 differt
2492 4416 2572 4483 ab
2619 4418 2698 4484 iis
2744 4436 2908 4504 quae
2956 4420 3025 4483 in

757 4568 1099 4638 Occidente
1141 4573 1538 4640 acciderunt.
